
@inproceedings{DBLP:conf/acm/Steele77,
  author    = {Guy L. Steele Jr.},
  title     = {Debunking the "expensive procedure call" myth or, procedure call implementations
               considered harmful or, {LAMBDA:} The Ultimate {GOTO}},
  booktitle = {Proceedings of the 1977 annual conference, {ACM} '77, Seattle, Washington,
               USA, October 16-19, 1977},
  pages     = {153--162},
  year      = {1977},
  crossref  = {DBLP:conf/acm/1977},
  url       = {https://doi.org/10.1145/800179.810196},
  doi       = {10.1145/800179.810196},
  timestamp = {Wed, 14 Nov 2018 10:52:35 +0100},
  biburl    = {https://dblp.org/rec/conf/acm/Steele77.bib},
  bibsource = {dblp computer science bibliography, https://dblp.org}
}

@proceedings{DBLP:conf/acm/1977,
  editor    = {James S. Ketchel and
               Harvey Z. Kriloff and
               H. Blair Burner and
               Patricia E. Crockett and
               Robert G. Herriot and
               George B. Houston and
               Cathy S. Kitto},
  title     = {Proceedings of the 1977 annual conference, {ACM} '77, Seattle, Washington,
               USA, October 16-19, 1977},
  publisher = {{ACM}},
  year      = {1977},
  url       = {https://doi.org/10.1145/800179},
  doi       = {10.1145/800179},
  isbn      = {978-1-4503-3921-6},
  timestamp = {Tue, 06 Nov 2018 16:58:26 +0100},
  biburl    = {https://dblp.org/rec/conf/acm/1977.bib},
  bibsource = {dblp computer science bibliography, https://dblp.org}
}

@article{DBLP:journals/cse/BeazleyWC01,
  author    = {David M. Beazley and
               Brian D. Ward and
               Ian R. Cooke},
  title     = {The inside story on shared libraries and dynamic loading},
  journal   = {Computing in Science and Engineering},
  volume    = {3},
  number    = {5},
  pages     = {90--97},
  year      = {2001},
  url       = {https://doi.org/10.1109/5992.947112},
  doi       = {10.1109/5992.947112},
  timestamp = {Sat, 27 May 2017 14:25:17 +0200},
  biburl    = {https://dblp.org/rec/bib/journals/cse/BeazleyWC01},
  bibsource = {dblp computer science bibliography, https://dblp.org}
}


@article{DBLP:journals/spe/HoO91,
  author    = {W. Wilson Ho and
               Ronald A. Olsson},
  title     = {An Approach to Genuine Dynamic Linking},
  journal   = {Softw., Pract. Exper.},
  volume    = {21},
  number    = {4},
  pages     = {375--390},
  year      = {1991},
  url       = {https://doi.org/10.1002/spe.4380210404},
  doi       = {10.1002/spe.4380210404},
  timestamp = {Wed, 14 Nov 2018 10:50:16 +0100},
  biburl    = {https://dblp.org/rec/bib/journals/spe/HoO91},
  bibsource = {dblp computer science bibliography, https://dblp.org}
}

@inproceedings{SW2014:R7RS/on/R6RS,
  title = {Implementing R7RS on an R6RS {S}cheme system},
  author = {Takashi Kato},
  booktitle = {Scheme and Functional Programming Workshop, {SFPW} 2014},
  year = {2014}
}

@misc{Scheme:R4RS,
  author    = {W. CLINGER and
               J. REES and
               \emph{et al}},
  title     = {Revised$^4$ Report on the {A}lgorithmic {L}anguage {S}cheme},
  month     = Nov,
  year      = 1991,
  howpublished = {\url{http://people.csail.mit.edu/jaffer/r4rs.pdf}}
}

@misc{Scheme:R5RS,
  author    = {R. KELSEY and
               W. CLINGER and
               J. REES and
               \emph{et al}},
  title     = {Revised$^5$ Report on the {A}lgorithmic {L}anguage {S}cheme},
  month     = Feb,
  year      = 1998,
  howpublished = {\url{https://schemers.org/Documents/Standards/R5RS/r5rs.pdf}}
}

@misc{Scheme:R6RS,
  author    = {MICHAEL SPERBER and
               R. KENT DYBVIG and
               \emph{et al}},
  title     = {Revised$^6$ Report on the {A}lgorithmic {L}anguage {S}cheme},
  month     = Sep,
  year      = 2007,
  howpublished = {\url{http://www.r6rs.org/final/r6rs.pdf}}
}

@misc{Scheme:R7RS,
  author    = {A. SHIN and
               J. COWAN and
               ARTHUR A. GLECKLER and
               \emph{et al}},
  title     = {{R}evised$^7$ {R}eport on the {A}lgorithmic {L}anguage {S}cheme},
  month     = Jul,
  year      = 2013,
  howpublished = {\url{https://small.r7rs.org/attachment/r7rs.pdf}}
}

@inproceedings{DBLP:conf/erlang/Germain06,
  author    = {Guillaume Germain},
  title     = {Concurrency oriented programming in Termite Scheme},
  booktitle = {Proceedings of the 2006 {ACM} {SIGPLAN} {W}orkshop on {E}rlang, {P}ortland,
              {O}regon, USA, September 16, 2006},
  pages     = {20},
  year      = {2006},
  crossref  = {DBLP:conf/erlang/2006},
  url       = {http://doi.acm.org/10.1145/1159789.1159795},
  doi       = {10.1145/1159789.1159795},
  timestamp = {Wed, 02 Apr 2008 11:02:05 +0200},
  biburl    = {https://dblp.org/rec/bib/conf/erlang/Germain06},
  bibsource = {dblp computer science bibliography, https://dblp.org}
}

@inproceedings{Clinger:2008:SCH:1529966.1529973,
 author = {Clinger, William D},
 title = {{S}cheme@33},
 booktitle = {{Celebrating the 50th Anniversary of Lisp}},
 series = {LISP50},
 year = {2008},
 isbn = {978-1-60558-383-9},
 location = {Nashville, Tennessee},
 pages = {7:1--7:5},
 articleno = {7},
 numpages = {5},
 url = {http://doi.acm.org/10.1145/1529966.1529973},
 doi = {10.1145/1529966.1529973},
 acmid = {1529973},
 publisher = {ACM},
 address = {New York, NY, USA},
 keywords = {Actor model, Lisp, scheme},
}

@proceedings{DBLP:conf/erlang/2006,
  editor    = {Marc Feeley and
               Philip W. Trinder},
  title     = {{Proceedings of the 2006 {ACM} {SIGPLAN} Workshop on Erlang, Portland,
               Oregon, USA, September 16, 2006}},
  publisher = {{ACM}},
  year      = {2006},
  isbn      = {1-59593-490-1},
  timestamp = {Wed, 02 Apr 2008 10:59:25 +0200},
  biburl    = {https://dblp.org/rec/bib/conf/erlang/2006},
  bibsource = {dblp computer science bibliography, https://dblp.org}
}

@inproceedings{Piotrowski:2013:SAM:2505305.2505312,
 author = {Piotrowski, Micha\l and Turek, Wojciech},
 title = {{Software Agents Mobility Using Process Migration Mechanism in Distributed Erlang}},
 booktitle = {Proceedings of the Twelfth ACM SIGPLAN Workshop on Erlang},
 series = {Erlang '13},
 year = {2013},
 isbn = {978-1-4503-2385-7},
 location = {Boston, Massachusetts, USA},
 pages = {43--50},
 numpages = {8},
 url = {http://doi.acm.org/10.1145/2505305.2505312},
 doi = {10.1145/2505305.2505312},
 acmid = {2505312},
 publisher = {ACM},
 address = {New York, NY, USA},
 keywords = {agent platform, erlang, multi-agent system},
}

@INPROCEEDINGS{Sumii00animplementation,
    author = {Eijiro Sumii},
    title = {{An implementation of transparent migration on standard Scheme}},
    booktitle = {Department of Computer Science, Rice University},
    year = {2000}
}

@InProceedings{And98transparentmigration,
author="F{\"u}nfrocken, Stefan",
editor="Rothermel, Kurt
and Hohl, Fritz",
title="Transparent migration of Java-based mobile agents",
booktitle="Mobile Agents",
year="1998",
publisher="Springer Berlin Heidelberg",
address="Berlin, Heidelberg",
pages="26--37",
abstract="In this paper we describe a way to save and restore the state of a running Java program. We achieve this on the language level, without modifying the Java virtual machine, by instrumenting the programmer's original code with a preprocessor. The automatically inserted code saves the runtime information when the program requests state saving and reestablishes the program's runtime state on restart. The current preprocessor prototype is used in a mobile agent scenario to offer transparent agent migration for Java based mobile agents, but could generally be used to save and reestablish the execution state of any Java program.",
isbn="978-3-540-49817-9"
}

@INPROCEEDINGS{DEV2017transparentmigration,
    author = {Lukić, A. And Luburić, N. And Vidaković, M. And Holbl, M.},
    title = {Development of multi-agent framework in {JavaScript}},
    booktitle = {ICIST 2017 Proceedings Vol.1},
    year = {2017},
    pages = {261-265}
}

% publisher = {Springer-Verlag}

@inproceedings{DBLP:conf/agere/FrancalanzaZ13,
  author    = {Adrian Francalanza and
               Tyron Zerafa},
  title     = {Code management automation for {Erlang} remote actors},
  booktitle = {Proceedings of the 2013 Workshop on Programming based on Actors, Agents,
               and Decentralized Control, AGERE!@SPLASH 2013, Indianapolis, IN, USA,
               October 27-28, 2013},
  pages     = {13--18},
  year      = {2013},
  crossref  = {DBLP:conf/agere/2013},
  url       = {https://doi.org/10.1145/2541329.2541344},
  doi       = {10.1145/2541329.2541344},
  timestamp = {Tue, 06 Nov 2018 16:57:05 +0100},
  biburl    = {https://dblp.org/rec/bib/conf/agere/FrancalanzaZ13},
  bibsource = {dblp computer science bibliography, https://dblp.org}
}

@proceedings{DBLP:conf/agere/2013,
  editor    = {Nadeem Jamali and
               Alessandro Ricci and
               Gera Weiss and
               Akinori Yonezawa},
  title     = {Proceedings of the 2013 Workshop on Programming based on Actors, Agents,
               and Decentralized Control, AGERE!@SPLASH 2013, Indianapolis, IN, USA,
               October 27-28, 2013},
  publisher = {{ACM}},
  year      = {2013},
  url       = {http://dl.acm.org/citation.cfm?id=2541329},
  isbn      = {978-1-4503-2602-5},
  timestamp = {Wed, 23 Apr 2014 20:17:14 +0200},
  biburl    = {https://dblp.org/rec/bib/conf/agere/2013},
  bibsource = {dblp computer science bibliography, https://dblp.org}
}

@misc{RFC:URI-2396,
  author    = {T. Berners-Lee and
               MIT/LCS and
               R. Fielding and
               U.C. Irvine and
               L. Masinter and
               Xerox Corporation},
  title     = {{Uniform Resource Identifiers (URI): Generic Syntax}},
  publisher = {Network Working Group},
  year      = {1998},
  howpublished = {\url{https://tools.ietf.org/html/rfc2396}}
}

% https://citeseerx.ist.psu.edu/viewdoc/summary?doi=10.1.1.457.1134
@inproceedings{M_mobileintelligent,
    author = {Stefan M and Raymond Bimazubute and Herbert Stoyan},
    title = {Mobile Intelligent {Agents} in {Erlang}},
    booktitle = {Fourth International ICSC Symposium on ENGINEERING OF INTELLIGENT SYSTEMS (EIS 2004)},
    year = {2004}
}

@inproceedings{Gray:1996:ATF:1267498.1267500,
 author = {Gray, Robert S.},
 title = {{Agent Tcl: A Flexible and Secure Mobile-agent System}},
 booktitle = {Proceedings of the 4th Conference on USENIX Tcl/Tk Workshop, 1996 - Volume 4},
 series = {TCLTK'96},
 year = {1996},
 location = {Monterey, California},
 pages = {9--23},
 numpages = {14},
 url = {http://dl.acm.org/citation.cfm?id=1267498.1267500},
 acmid = {1267500},
 publisher = {USENIX Association},
 address = {Berkeley, CA, USA},
}

@proceedings{1996:1267498,
 title = {TCLTK'96: Proceedings of the 4th Conference on USENIX Tcl/Tk Workshop, 1996 - Volume 4},
 year = {1996},
 location = {Monterey, California},
 publisher = {USENIX Association},
 address = {Berkeley, CA, USA},
 key = {{$\!\!$}}
}

@inproceedings{Nix,
  title = {{Nix: A Safe and Policy-Free System for Software Deployment.}},
  author = {Dolstra, Eelco and Jonge, Merijn and Visser, Eelco},
  year = {2004},
  month = {01},
  pages = {79-92}
}

@misc{SRFI-0,
  author = {Marc Feeley},
  title = {Feature-based conditional expansion construct},
  year = 1999,
  howpublished = {\url{https://srfi.schemers.org/srfi-0/srfi-0.html}}
}
%note = {2010-05-07}

@misc{GoLang,
  author = {Tyler Bui-Palsulich and Eno Compton},
  title = {Go reference manual 1.13.5},
  year = 2019,
  howpublished = {\url{https://blog.golang.org/using-go-modules}}
}
% urldate = {2019-03-19}

@InProceedings{Bigloo,
author="Serrano, Manuel
and Weis, Pierre",
editor="Mycroft, Alan",
title="Bigloo: a portable and optimizing compiler for strict functional languages",
booktitle="Static Analysis",
year="1995",
publisher="Springer Berlin Heidelberg",
address="Berlin, Heidelberg",
pages="366--381",
abstract="We present Bigloo, a highly portable and optimizing compiler. Bigloo is the first compiler for strict functional languages that can efficiently compile several languages: Bigloo is the first compiler for full Scheme and full ML, and for these two languages, Bigloo is one of the most efficient compiler now available (Bigloo is available by anonymous ftp on ftp.inria.fr [192.93.2.54]).",
isbn="978-3-540-45050-4"
}

@article{galassi1996guile,
  title={Guile {U}ser {M}anual},
  author={Galassi, Mark},
  journal={Los Alamos National Laboratory and Cygnus Support},
  year={1996}
}

@MISC{Cardelli1983TheFunctionalAbstractMachine,
    author = {Cardelli, Luca},
    title = {{The Functional Abstract Machine}},
    year = {1983}
}

@misc{dybvig2011chez,
  title={Chez {S}cheme},
  author={Dybvig, R Kent and others},
  howpublished={\url{https://cisco.github.io/ChezScheme/}},
  year={2011}
}

@article{chicken131practical,
  title={A practical and Portable Scheme System},
  author={CHICKEN, Scheme},
  journal={URL http://www. cal l-cc. org},
  volume={131},
  pages={11--20}
}

@inproceedings{JazzScheme,
  title={{JazzScheme: Evolution of a Lisp-Based Development System}},
  author={Cartier, Guillaume and Guillemette, Louis-Julien},
  booktitle={2010 Workshop on Scheme and Functional Programming},
  year = {2010},
  pages={50},
  organization={Citeseer}
}

@misc{Gerbil,
  title = {{Gerbil Scheme}},
  author={Dimitris Vyzovitis},
  howpublished = {\url{https://cons.io/}},
  note = {Accessed: 2020-02-21},
  year = {2020}
}

@misc{Racket,
  title = {{Racket Scheme}},
  author = {{PLT Inc.}},
  howpublished = {\url{https://racket-lang.org/}},
  note = {Accessed: 2020-02-24},
  year = {2020}
}

@misc{SemanticVersioning,
  title = {Semantic Versioning 2.0.0},
  author = {Tom Preston-Werner},
  howpublished = {\url{https://semver.org/spec/v2.0.0.html}},
  note = {Accessed: 2020-02-27},
  year = 2013
}

@misc{Akku.scm,
  title = {{Akku} Package management made easy},
  author = {Göran Weinholt},
  howpublished = {\url{https://akkuscm.org/}},
  note = {Accessed: 2020-02-21},
  year = {2019}
}

@unpublished{gambitdoc,
  author = {Marc Feeley},
  title = {Gambit v4.9.3},
  url = {http://www.iro.umontreal.ca/~gambit/doc/gambit.pdf},
  note = {Reference Manual},
  month = Feb,
  year = 2019
}
